<record><leader>00000cas a22000007a 4500</leader><controlfield tag="001">15794192</controlfield><controlfield tag="008">870601d18181819njuwr ne      0    0eng d</controlfield><datafield ind1=" " ind2=" " tag="010"><subfield code="a">sn 87068141 </subfield></datafield><datafield ind1=" " ind2=" " tag="040"><subfield code="a">NJW</subfield><subfield code="b">eng</subfield><subfield code="c">NJW</subfield><subfield code="d">OCLCQ</subfield></datafield><datafield ind1=" " ind2=" " tag="042"><subfield code="a">msc</subfield></datafield><datafield ind1="0" ind2="0" tag="245"><subfield code="a">West-Jersey gazette, and Salem and Gloucester advertiser.</subfield></datafield><datafield ind1=" " ind2=" " tag="260"><subfield code="a">Salem, N.J. :</subfield><subfield code="b">Isaac A. Kollock,</subfield><subfield code="c">1818-</subfield></datafield><datafield ind1=" " ind2=" " tag="310"><subfield code="a">Weekly</subfield></datafield><datafield ind1="0" ind2=" " tag="362"><subfield code="a">Aug. 12, 1818-</subfield></datafield><datafield ind1="1" ind2=" " tag="362"><subfield code="a">Began with Aug. 12, 1818 issue; ceased in 1819?</subfield></datafield><datafield ind1=" " ind2=" " tag="752"><subfield code="a">United States</subfield><subfield code="b">New Jersey</subfield><subfield code="c">Salem</subfield><subfield code="d">Salem.</subfield></datafield><datafield ind1="0" ind2="0" tag="780"><subfield code="t">West-Jersey gazette</subfield><subfield code="w">(DLC)sn 85035671</subfield><subfield code="w">(OCoLC)13084976</subfield></datafield></record>